%% This BibTeX bibliography file was created using BibDesk.
%% https://bibdesk.sourceforge.io/

%% Created for Vladys at 2023-07-11 20:35:44 +0100 


%% Saved with string encoding Unicode (UTF-8) 

@misc{ingredientParser,
  author = {Tom Strange},
  title = {Ingredient Parser},
  year = {2024},
  publisher = {GitHub},
  journal = {GitHub repository},
  howpublished = {\url{https://github.com/strangetom/ingredient-parser}},
  commit = {aa42d8314087d2cc95a0506c0b4c51852c9ccac4}
}

@misc{bert,
  author = {Charlene Chambliss},
  title = {FoodBERT: Food Extraction with DistilBERT},
  year = {2020},
  publisher = {GitHub},
  journal = {GitHub repository},
  howpublished = {\url{https://github.com/chambliss/foodbert}},
  commit = {e2c41e0a52af48419806392212fb5dbc24d6b2f5}
}

@misc{deeptranslate,
  author = {Nidhal Baccouri},
  title = {deep-translator},
  year = {2020},
  publisher = {GitHub},
  journal = {GitHub repository},
  howpublished = {\url{https://github.com/nidhaloff/deep-translator}},
  commit = {fa67ada6c5d17617628fb13447de5457a5158dc6}
}

@misc{mpnet,
  author = {Sentence-BERT},
  title = {all-mpnet-base-v2},
  year = {},
  publisher = {Sentence Transformers},
  journal = {Hugging Face},
  howpublished = {\url{https://huggingface.co/sentence-transformers/all-mpnet-base-v2}},
}

@misc{clip,
  author = {OpenAI},
  title = {CLIP Encoder},
  year = {},
  publisher = {OpenAI},
  journal = {Github repository},
  howpublished = {\url{https://github.com/openai/CLIP}},
}

@InProceedings{planllmeacl24,
  author="Glória-Silva, Diogo
          and Ferreira, Rafael
          and Tavares, Diogo
          and Semedo, David
          and Magalhães, João",
  title="Plan-Grounded Large Language Models for Dual Goal Conversational Settings",
  booktitle="European Chapter of the Association for Computational Linguistics (EACL 2024)",
  year="2024",
}

@inproceedings{reimers-2019-sentence-bert,
    title = "Sentence-BERT: Sentence Embeddings using Siamese BERT-Networks",
    author = "Reimers, Nils and Gurevych, Iryna",
    booktitle = "Proceedings of the 2019 Conference on Empirical Methods in Natural Language Processing",
    month = "11",
    year = "2019",
    publisher = "Association for Computational Linguistics",
    url = "http://arxiv.org/abs/1908.10084",
}










